@article{vanbarel,
  author = {Marc Van Barel},
  title = {Designing rational filter functions for solving eigenvalue problems by contour integration},
  journal = {Linear Algebra and its Applications},
  volume = {502},
  pages = {346--365},
  year = {2016},
  url = {https://lirias.kuleuven.be/handle/123456789/498035}
}

@article{polizzi,
  title = {Density-matrix-based algorithm for solving eigenvalue problems},
  author = {Eric Polizzi},
  journal = {Physical Review B},
  volume = {79},
  number = {11},
  pages = {115112},
  year = {2009},
  url = {https://link.aps.org/doi/10.1103/PhysRevB.79.115112}
}

@article{ptep,
  author = {Eric Polizzi and Ping Tak Peter Tang},
  title = {FEAST As A Subspace Iteration Eigensolver Accelerated By Approximate Spectral Projection},
  journal = {SIAM Journal on Matrix Analysis and Applications},
  volume = {35},
  number = {2},
  pages = {354--390},
  year = {2014},
  URL = {https://doi.org/10.1137/13090866X},
}

@article{kpt,
  author    = {James Kestyn and Eric Polizzi and Ping Tak Peter Tang},
  title     = {FEAST eigensolver for Non-Hermitian Problems},
  year      = {2016},
  volume={38},
  number = {5},
  journal = {SIAM Journal on Scientific Computing},
  pages = {772--799},
  url={https://doi.org/10.1137/15M1026572}
}

@article{Demmel2007,
author={James Demmel and Ioana Dumitriu and Olga Holtz},
title={Fast linear algebra is stable},
journal={Numerische Mathematik},
year={2007},
volume={108},
number={1},
pages={59--91},
url={https://doi.org/10.1007/s00211-007-0114-x}
}

@article{zol,
author = {Stefan G\"{u}ttel and Eric Polizzi and Ping Tak Peter Tang and Gautier Viaud},
title = {Zolotarev Quadrature Rules and Load Balancing for the FEAST Eigensolver},
journal = {SIAM Journal on Scientific Computing},
volume = {37},
number = {4},
pages = {A2100-A2122},
year = {2015},
URL = {
        https://doi.org/10.1137/140980090
}
}

@article{lzp,
title = {FEAST fundamental framework for electronic structure calculations: Reformulation and solution of the muffin-tin problem},
journal = {Computer Physics Communications},
volume = {183},
number = {11},
pages = {2370--2375},
year = {2012},
url = {http://www.sciencedirect.com/science/article/pii/S0010465512002056},
author = {Alan R. Levin and Deyin Zhang and Eric Polizzi}
}

article{ptep,
  author    = {Ping Tak Peter Tang and Eric Polizzi},
  title     = {Feast as a subspace iteration eigensolver accelerated by approximate spectral projection.},
  year      = {2016}
}

@book{liesen,
  title={Krylov Subspace Methods: Principles and Analysis},
  author={J\"{o}rg Liesen und Zden\v{e}k Strako\v{s}},
  series={Numerical Mathematics and Scientific Computation},
  year={2013},
  publisher={Oxford University Press}
}


@book{stewart,
  title={Matrix Algorithms Volume 2: Eigensystems},
  author={Gilbert W. Stewart},
  series={Other Titles in Applied Mathematics},
  year={2001},
  publisher={Society for Industrial and Applied Mathematics}
}


@book{jaenich,
 author = {Klaus J\"{a}nich},
 title = {Funktionentheorie: Eine Einführung},
 publisher = {Springer},
 year = {2004}
 }


nochmal checken
book{gohberg,
  author    = {I. Gohberg, P. Lancaster und L. Rodman},
  title     = {Invariant subspaces of matrices with applications},
  year      = {1996}
}

@book{saad,
  title={Numerical methods for large eigenvalue problems},
  author={Yousef Saad},
  year={2011},
  publisher={SIAM}
}

@book{parlett,
 author = {Beresford N. Parlett},
 title = {The Symmetric Eigenvalue Problem},
 year = {1998},
 publisher = {Prentice-Hall, Inc.},
 address = {Upper Saddle River, NJ, USA}
}




@book{loan,
 author = {Gene H. Golub und Charles F. Van Loan},
 title = {Matrix Computations (3rd Ed.)},
 year = {1996},
 publisher = {Johns Hopkins University Press},
 address = {Baltimore, MD, USA}
}

book{plato,
  author = {Robert Plato},
  title = {Numerische Mathematik kompakt},
  year = {1758}
}

@book{plato,
 author = {Robert Plato},
 title = {Numerische Mathematik kompakt Grundlagenwissen für Studium und Praxis},
 publisher = {Vieweg+Teubner Verlag / GWV Fachverlage, Wiesbaden},
 year = {2010},
 address = {Wiesbaden}
 }

article{lzp,
  author    = {A. R. Levin, D. Zhang and E. Polizzi},
  title     = {FEAST fundamental framework for electronic structure calculations: reformulation and solution of the muffin-tin problem},
  year      = {2012}
}

@misc{netflix,
  title = {Statistiken zu Netflix},
  howpublished = {\url{https://de.statista.com/themen/1840/netflix/}},
  note = {Letzter Zugriff: 03.09.2017}
}

@misc{facebook,
  title = {Anzahl der monatlich aktiven Facebook Nutzer weltweit vom 3. Quartal 2008 bis zum 2. Quartal 2017},
  howpublished = {\url{https://de.statista.com/statistik/daten/studie/37545/umfrage/anzahl-der-aktiven-nutzer-von-facebook/}},
  note = {Letzter Zugriff: 03.09.2017}
}

@misc{amazon,
  title = {Besucherzahlen der gr\"{o}{\ss}ten Online-Shops in Deutschland im Oktober 2014},
  howpublished = {\url{https://de.statista.com/statistik/daten/studie/158229/umfrage/online-shops-in-deutschland-nach-besucherzahlen/}},
  note = {Letzter Zugriff: 03.09.2017}
}

@misc{feast,
  title = {The FEAST algorithm for Hermitian eigenproblems},
  howpublished = {\url{http://guettel.com/rktoolbox/examples/html/example_feast.html}},
  note = {Letzter Zugriff: 05.09.2017}
}

@misc{lapack,
  title = {Symmetric eigencvalue problems: LAPACK computational routines},
  howpublished = {\url{ https://software.intel.com/en-us/mkl-developer-reference-fortran-symmetric-eigenvalue-problems-lapack-computational-routines}},
  note = {Letzter Zugriff: 30.09.2017}
}
http://guettel.com/rktoolbox/examples/html/example_feast.html

@misc{rkt,
  author = {Mario Berljafa und Stefan G\"{u}ttel},
  title = {Rational Krylov Toolbox for MATLAB.},
  howpublished = {\url{http://guettel.com/rktoolbox/index.html}},
  note = {Letzter Zugriff: 05.09.2017}
}

@techreport{page,
          number = {1999-66},
           month = {November},
          author = {Lawrence Page and Sergey Brin and Rajeev Motwani and Terry Winograd},
            note = {Previous number = SIDL-WP-1999-0120},
           title = {The PageRank Citation Ranking: Bringing Order to the Web.},
            type = {Technical Report},
       publisher = {Stanford InfoLab},
            year = {1999},
     institution = {Stanford InfoLab},
             url = {http://ilpubs.stanford.edu:8090/422/},
        abstract = {The importance of a Web page is an inherently subjective matter, which depends on the readers interests, knowledge and attitudes. But there is still much that can be said objectively about the relative importance of Web pages. This paper describes PageRank, a mathod for rating Web pages objectively and mechanically, effectively measuring the human interest and attention devoted to them. We compare PageRank to an idealized random Web surfer. We show how to efficiently compute PageRank for large numbers of pages. And, we show how to apply PageRank to search and to user navigation.}
}
